<?xml version="1.0" encoding="UTF-8"?><record xmlns="http://www.loc.gov/MARC21/slim" xmlns:cinclude="http://apache.org/cocoon/include/1.0" xmlns:zs="http://www.loc.gov/zing/srw/">
  <leader>00508nz  a2200145n  4500</leader>
  <controlfield tag="001">no2004089260</controlfield>
  <controlfield tag="003">DLC</controlfield>
  <controlfield tag="005">20040917052205.0</controlfield>
  <controlfield tag="008">040916n| acannaabn          |n aaa     c</controlfield>
  <datafield tag="010" ind1=" " ind2=" ">
    <subfield code="a">no2004089260</subfield>
  </datafield>
  <datafield tag="035" ind1=" " ind2=" ">
    <subfield code="a">(OCoLC)oca06443936</subfield>
  </datafield>
  <datafield tag="040" ind1=" " ind2=" ">
    <subfield code="a">MWalB-CA</subfield>
    <subfield code="b">eng</subfield>
    <subfield code="c">MWalB-CA</subfield>
  </datafield>
  <datafield tag="100" ind1="1" ind2=" ">
    <subfield code="a">Gerhard, Roberto,</subfield>
    <subfield code="d">1896-1970.</subfield>
    <subfield code="t">Caligula</subfield>
  </datafield>
  <datafield tag="670" ind1=" " ind2=" ">
    <subfield code="a">From the series "Electronic music in America" [SR] 2003:</subfield>
    <subfield code="b">insert (Caligula : 1961)</subfield>
  </datafield>
  <datafield tag="670" ind1=" " ind2=" ">
    <subfield code="a">Grovemusic WWW site, Sept. 7, 2004</subfield>
    <subfield code="b">(tape: Caligula, 1961 (version of radio score))</subfield>
  </datafield>
</record>